% -*-bibliografia.bib-*-
% Este fichero es parte de la plantilla LaTeX para
% la realización de Proyectos Final de Carrera, protejido
% bajo los términos de la licencia GFDL.
% Para más información, la licencia completa viene incluida en el
% fichero fdl-1.3.tex

% Copyright (C) 2009 Pablo Recio Quijano 

@Book{mitt04,
  author = 	 {Frank Mittelbach y Michel Goossens},
  title = 	 {The LaTeX Companion},
  publisher = 	 {Addison-Wesley},
  year = 	 {2004}
}
