% -*-bibliografia.bib-*-
% Este fichero es parte de la plantilla LaTeX para
% la realización de Proyectos Final de Carrera, protejido
% bajo los términos de la licencia GFDL.
% Para más información, la licencia completa viene incluida en el
% fichero fdl-1.3.tex

% Copyright (C) 2009 Pablo Recio Quijano 

@MISC{website:codeigniter-user-guide,
  AUTHOR = 	 "{Codeigniter}",
  title = 	 {Codeigniter user guide},
  HOWPUBLISHED = 	"\url{http://codeigniter.com/user_guide}"

}

@Book{casc03,
  author = 	 {Bernardo Cascales Salinas},
  title = 	 {El libro de LaTeX},
  publisher = 	 {Pearson Educación},
  year = 	 {2003}
}

@MISC{website:latex-wikibooks,
      AUTHOR = "Wikibooks",
      title = "{The Book of LaTeX}",
      HOWPUBLISHED = "\url{http://en.wikibooks.org/wiki/LaTeX}"
}

